@INPROCEEDINGS{heck15, 
author={P. Heck and A. Zaidman}, 
booktitle={2015 IEEE Workshop on Just-In-Time Requirements Engineering (JITRE)}, 
title={Quality criteria for just-in-time requirements: just enough, just-in-time?}, 
year={2015}, 
pages={1-4}, 
keywords={formal specification;formal verification;public domain software;software prototyping;software quality;JIT requirement;agile team;informal verification;just-in-time requirement;open source project;quality criteria;software system implementation;software system planning;Cascading style sheets;Documentation;Electronic mail;Natural languages;Software;Software algorithms;Standards}, 
doi={10.1109/JITRE.2015.7330170}, 
month={Aug},}

@INPROCEEDINGS{bhowmik15, 
author={T. Bhowmik and S. Reddivari}, 
booktitle={2015 IEEE Workshop on Just-In-Time Requirements Engineering (JITRE)}, 
title={Resolution trend of just-in-time requirements in open source software development}, 
year={2015}, 
pages={17-20}, 
keywords={formal specification;public domain software;systems analysis;Firefox;Mylyn;OSS development;OSS systems;development history;horizontal traceability;just-in-time requirements analysis;just-in-time requirements engineering;open source software development;resolution time;resolution trend;traceability-enabled refactoring;Data analysis;History;Market research;Open source software;Requirements engineering;Stakeholders;Just-in-time RE;open source RE;social band of human action;stakeholders??? socio-technical interaction}, 
doi={10.1109/JITRE.2015.7330214}, 
month={Aug},}

@ARTICLE{scacchi02, 
author={W. Scacchi}, 
journal={IEEE Proceedings - Software}, 
title={Understanding the requirements for developing open source software systems}, 
year={2002}, 
volume={149}, 
number={1}, 
pages={24-39}, 
keywords={public domain software;software engineering;systems analysis;open source software systems;organisational contexts;requirements engineering;social processes;software informalisms;technical system configurations}, 
doi={10.1049/ip-sen:20020202}, 
ISSN={1462-5970}, 
month={Feb},}

@INPROCEEDINGS{ernst12, 
author={N. A. Ernst and G. C. Murphy}, 
booktitle={2012 Second IEEE International Workshop on Empirical Requirements Engineering (EmpiRE)}, 
title={Case studies in just-in-time requirements analysis}, 
year={2012}, 
pages={25-32}, 
keywords={formal specification;just-in-time;project management;public domain software;software development management;systems analysis;just-in-time requirements analysis;open-source software projects;project inception;project management;requirements engineering;requirements practices;Best practices;Browsers;Communities;Computer architecture;Internet;Organizations;Software;agile;analysis;requirements}, 
doi={10.1109/EmpiRE.2012.6347678}, 
ISSN={2329-6348}, 
month={Sept},}

@INPROCEEDINGS{mlee, 
author={Michael Lee}, 
title={Just-in-time requirements analysis-the engine that drives the planning game}, 
year={2002},
publisher={Agile Alliance}, 
pages={25-32}, 
month={May}
}

@inproceedings{scacchi05,
  address = {Genoa, Italy},
  author = {Scacchi, Walt and Jensen, Chris and Noll, John and Elliott, Margaret},
  biburl = {http://www.bibsonomy.org/bibtex/26f315bcbe57a4aa92429c4647361c4a5/neilernst},
  booktitle = {International conference on Open Source Systems},
  journal = {International Journal of Information Technology and Web Engineering (IJITWE)},
  keywords = {open-source requirements},
  number = 3,
  pages = {49-63},
  timestamp = {2007-05-27T01:13:40.000+0200},
  title = {Multi-Modal Modeling, Analysis and Validation of Open Source Software Requirements Processes},
  volume = 1,
  year = 2005
}

@book{brennan2009guide,
  title={A Guide to the Business Analysis Body of Knowledge (BABOK Guide), Version 2.0},
  author={Brennan, K. and International Institute of Business Analysis},
  isbn={9780981129228},
  series={IT Pro},
  url={https://books.google.com/books?id=LRUAQAAACAAJ},
  year={2009},
  publisher={International Institute of Business Analysis}
}

@book{taiichi,
  title={Toyota production system: beyond large-scale production},
  author={Taiichi Ohno},
  isbn={9780915299140},
  year={1988},
  publisher={Productivity Press}
}

@book{patton,
  title={Qualitative Research and Evaluation Methods},
  author={Michael Quinn Patton},
  isbn={9780761919711},
  year={2001},
  publisher={SAGE Publications}
}

@inproceedings{re_roadmap,
 author = {Nuseibeh, Bashar and Easterbrook, Steve},
 title = {Requirements Engineering: A Roadmap},
 booktitle = {Proceedings of the Conference on The Future of Software Engineering},
 series = {ICSE '00},
 year = {2000},
 isbn = {1-58113-253-0},
 location = {Limerick, Ireland},
 pages = {35--46},
 numpages = {12},
 url = {http://doi.acm.org/10.1145/336512.336523},
 doi = {10.1145/336512.336523},
 acmid = {336523},
 publisher = {ACM},
 address = {New York, NY, USA},
}

@INPROCEEDINGS{re_compare, 
author={A. Batool and Y. H. Motla and B. Hamid and S. Asghar and M. Riaz and M. Mukhtar and M. Ahmed}, 
booktitle={2013 15th International Conference on Advanced Communications Technology (ICACT)}, 
title={Comparative study of traditional requirement engineering and Agile requirement engineering}, 
year={2013}, 
pages={1006-1014}, 
keywords={formal specification;software houses;software prototyping;agile RE approach;agile requirement engineering approach;organizational aspects;software industries;software life cycle development phase;traditional RE approach;traditional requirement engineering approach;Analytical models;Brain modeling;Graphics;Irrigation;Reliability;Semantics;Standards;Agile Requirement Engineering;Extreme Programming;Object Oriented Development;Requirement Analysis;Requirement Elicitation;Requirement Engineering;Requirement Management;Scrum;Software Requirement Specification;Traditional Requirement Engineering}, 
ISSN={1738-9445}, 
month={Jan},}

@INPROCEEDINGS{mapping, 
author={V. T. Heikkil√§ and D. Damian and C. Lassenius and M. Paasivaara}, 
booktitle={2015 41st Euromicro Conference on Software Engineering and Advanced Applications}, 
title={A Mapping Study on Requirements Engineering in Agile Software Development}, 
year={2015}, 
pages={199-207}, 
keywords={formal specification;resource allocation;software prototyping;ASD methods;agile RE;agile software development;change responsiveness;customer relationships;customer representatives;development resources allocation;imprecise effort estimation;mapping study;process overheads;requirements engineering;requirements prioritization;requirements understanding;tacit requirements knowledge;technical debt;user story requirements format;value delivery;Agile software development;Bibliographies;Context;Documentation;Requirements engineering;Usability;agile development;mapping study;requirements engineering;scrum}, 
doi={10.1109/SEAA.2015.70}, 
ISSN={1089-6503}, 
month={Aug},}

@INPROCEEDINGS{nanniu14, 
author={N. Niu and T. Bhowmik and H. Liu and Z. Niu}, 
booktitle={2014 IEEE 22nd International Requirements Engineering Conference (RE)}, 
title={Traceability-enabled refactoring for managing just-in-time requirements}, 
year={2014}, 
pages={133-142}, 
keywords={formal verification;software maintenance;Just-in-time requirements management;requirements traceability;traceability-enabled refactoring;Educational institutions;Feature extraction;Monitoring;Semantics;Software systems;Technological innovation;just-in-time requirements;refactoring;requirements management;traceability}, 
doi={10.1109/RE.2014.6912255}, 
ISSN={1090-705X}, 
month={Aug},}

@inproceedings{alspaugh2013ongoing,
  title={Ongoing software development without classical requirements},
  author={Alspaugh, Thomas A and Scacchi, Walt},
  booktitle={Requirements Engineering Conference (RE), 2013 21st IEEE International},
  pages={165--174},
  year={2013},
  organization={IEEE}
}

@book{chung2012non,
  title={Non-functional requirements in software engineering},
  author={Chung, Lawrence and Nixon, Brian A and Yu, Eric and Mylopoulos, John},
  volume={5},
  year={2012},
  publisher={Springer Science \& Business Media}
}

@inproceedings{nuseibeh2000requirements,
  title={Requirements engineering: a roadmap},
  author={Nuseibeh, Bashar and Easterbrook, Steve},
  booktitle={Proceedings of the Conference on the Future of Software Engineering},
  pages={35--46},
  year={2000},
  organization={ACM}
}

@Inbook{Cysneiros2004,
  author="Cysneiros, Luiz Marcio and Yu, Eric",
  editor="do Prado Leite, Julio Cesar Sampaio
  and Doorn, Jorge Horacio",
  title="Non-Functional Requirements Elicitation",
  bookTitle="Perspectives on Software Requirements",
  year="2004",
  publisher="Springer US",
  address="Boston, MA",
  pages="115--138",
}

@inproceedings{Boehm1976,
  author = {Boehm, B. W. and Brown, J. R. and Lipow, M.},
  title = {Quantitative Evaluation of Software Quality},
  booktitle = {Proceedings of the 2nd International Conference on Software Engineering},
  year = {1976},
  pages = {592--605},
  publisher = {IEEE Computer Society Press},
}